%YAML 1.1
%TAG !u! tag:unity3d.com,2011:
--- !u!1001 &100100000
Prefab:
  m_ObjectHideFlags: 1
  serializedVersion: 2
  m_Modification:
    m_TransformParent: {fileID: 0}
    m_Modifications: []
    m_RemovedComponents: []
  m_ParentPrefab: {fileID: 0}
  m_RootGameObject: {fileID: 1423615495821968}
  m_IsPrefabParent: 1
--- !u!1 &1423615495821968
GameObject:
  m_ObjectHideFlags: 0
  m_PrefabParentObject: {fileID: 0}
  m_PrefabInternal: {fileID: 100100000}
  serializedVersion: 5
  m_Component:
  - component: {fileID: 4655999215960550}
  - component: {fileID: 212887103764949354}
  - component: {fileID: 114940793330065138}
  - component: {fileID: 58909634069581158}
  - component: {fileID: 50124633458661802}
  - component: {fileID: 95167448589135068}
  m_Layer: 0
  m_Name: cocyneutrophil 1
  m_TagString: Untagged
  m_Icon: {fileID: 0}
  m_NavMeshLayer: 0
  m_StaticEditorFlags: 0
  m_IsActive: 1
--- !u!4 &4655999215960550
Transform:
  m_ObjectHideFlags: 1
  m_PrefabParentObject: {fileID: 0}
  m_PrefabInternal: {fileID: 100100000}
  m_GameObject: {fileID: 1423615495821968}
  m_LocalRotation: {x: 0, y: 0, z: 0, w: 1}
  m_LocalPosition: {x: -6.75, y: -0.06, z: 0}
  m_LocalScale: {x: 1, y: 1, z: 1}
  m_Children: []
  m_Father: {fileID: 0}
  m_RootOrder: 0
  m_LocalEulerAnglesHint: {x: 0, y: 0, z: 0}
--- !u!50 &50124633458661802
Rigidbody2D:
  serializedVersion: 4
  m_ObjectHideFlags: 1
  m_PrefabParentObject: {fileID: 0}
  m_PrefabInternal: {fileID: 100100000}
  m_GameObject: {fileID: 1423615495821968}
  m_BodyType: 0
  m_Simulated: 1
  m_UseFullKinematicContacts: 0
  m_UseAutoMass: 0
  m_Mass: 1
  m_LinearDrag: 0
  m_AngularDrag: 0.05
  m_GravityScale: 0
  m_Material: {fileID: 0}
  m_Interpolate: 0
  m_SleepingMode: 1
  m_CollisionDetection: 1
  m_Constraints: 0
--- !u!58 &58909634069581158
CircleCollider2D:
  m_ObjectHideFlags: 1
  m_PrefabParentObject: {fileID: 0}
  m_PrefabInternal: {fileID: 100100000}
  m_GameObject: {fileID: 1423615495821968}
  m_Enabled: 1
  m_Density: 1
  m_Material: {fileID: 0}
  m_IsTrigger: 1
  m_UsedByEffector: 0
  m_UsedByComposite: 0
  m_Offset: {x: 0, y: 0}
  serializedVersion: 2
  m_Radius: 0.75
--- !u!95 &95167448589135068
Animator:
  serializedVersion: 3
  m_ObjectHideFlags: 1
  m_PrefabParentObject: {fileID: 0}
  m_PrefabInternal: {fileID: 100100000}
  m_GameObject: {fileID: 1423615495821968}
  m_Enabled: 1
  m_Avatar: {fileID: 0}
  m_Controller: {fileID: 9100000, guid: 4e2c81d1b0d5a944eb1d5b1938108d97, type: 2}
  m_CullingMode: 0
  m_UpdateMode: 0
  m_ApplyRootMotion: 0
  m_LinearVelocityBlending: 0
  m_WarningMessage: 
  m_HasTransformHierarchy: 1
  m_AllowConstantClipSamplingOptimization: 1
--- !u!114 &114940793330065138
MonoBehaviour:
  m_ObjectHideFlags: 1
  m_PrefabParentObject: {fileID: 0}
  m_PrefabInternal: {fileID: 100100000}
  m_GameObject: {fileID: 1423615495821968}
  m_Enabled: 1
  m_EditorHideFlags: 0
  m_Script: {fileID: 11500000, guid: 62dbca4e9d3177b49a76bb65f24c2747, type: 3}
  m_Name: 
  m_EditorClassIdentifier: 
  playerSprite:
  - walkSprite: {fileID: 21300004, guid: 06d44357811681a42a57bb7c5aa2e4a2, type: 3}
    dashSprite: {fileID: 21300002, guid: 06d44357811681a42a57bb7c5aa2e4a2, type: 3}
    hitSprite: {fileID: 21300000, guid: 06d44357811681a42a57bb7c5aa2e4a2, type: 3}
  - walkSprite: {fileID: 21300004, guid: ddcdcd34e6a97f348b984505ff6f702c, type: 3}
    dashSprite: {fileID: 21300002, guid: ddcdcd34e6a97f348b984505ff6f702c, type: 3}
    hitSprite: {fileID: 21300000, guid: ddcdcd34e6a97f348b984505ff6f702c, type: 3}
  - walkSprite: {fileID: 21300004, guid: f49f939f4f1e5a9499bc9efda289041b, type: 3}
    dashSprite: {fileID: 21300002, guid: f49f939f4f1e5a9499bc9efda289041b, type: 3}
    hitSprite: {fileID: 21300000, guid: f49f939f4f1e5a9499bc9efda289041b, type: 3}
  - walkSprite: {fileID: 21300004, guid: 577cf03c82edc97418ac79cae2547026, type: 3}
    dashSprite: {fileID: 21300002, guid: 577cf03c82edc97418ac79cae2547026, type: 3}
    hitSprite: {fileID: 21300000, guid: 577cf03c82edc97418ac79cae2547026, type: 3}
  - walkSprite: {fileID: 21300004, guid: 6f8567ef4bd037241bab1b12ac02f30e, type: 3}
    dashSprite: {fileID: 21300002, guid: 6f8567ef4bd037241bab1b12ac02f30e, type: 3}
    hitSprite: {fileID: 21300000, guid: 6f8567ef4bd037241bab1b12ac02f30e, type: 3}
  DASH_MULTIPLIER: 3
  idCharacter: 0
  nameCharacter: 
  healthPoint: 100
  energyPoint: 100
  damage: 200
  walkSpeed: 5
  energyDashDecreaseFrequency: 0.5
  energyIncreaseFrequency: 1
  isDashing: 0
  joystick: {fileID: 0}
--- !u!212 &212887103764949354
SpriteRenderer:
  m_ObjectHideFlags: 1
  m_PrefabParentObject: {fileID: 0}
  m_PrefabInternal: {fileID: 100100000}
  m_GameObject: {fileID: 1423615495821968}
  m_Enabled: 1
  m_CastShadows: 0
  m_ReceiveShadows: 0
  m_DynamicOccludee: 1
  m_MotionVectors: 1
  m_LightProbeUsage: 1
  m_ReflectionProbeUsage: 1
  m_Materials:
  - {fileID: 10754, guid: 0000000000000000f000000000000000, type: 0}
  m_StaticBatchInfo:
    firstSubMesh: 0
    subMeshCount: 0
  m_StaticBatchRoot: {fileID: 0}
  m_ProbeAnchor: {fileID: 0}
  m_LightProbeVolumeOverride: {fileID: 0}
  m_ScaleInLightmap: 1
  m_PreserveUVs: 0
  m_IgnoreNormalsForChartDetection: 0
  m_ImportantGI: 0
  m_StitchLightmapSeams: 0
  m_SelectedEditorRenderState: 0
  m_MinimumChartSize: 4
  m_AutoUVMaxDistance: 0.5
  m_AutoUVMaxAngle: 89
  m_LightmapParameters: {fileID: 0}
  m_SortingLayerID: 0
  m_SortingLayer: 0
  m_SortingOrder: 0
  m_Sprite: {fileID: 21300004, guid: 06d44357811681a42a57bb7c5aa2e4a2, type: 3}
  m_Color: {r: 1, g: 1, b: 1, a: 1}
  m_FlipX: 0
  m_FlipY: 0
  m_DrawMode: 0
  m_Size: {x: 1.5, y: 1.48}
  m_AdaptiveModeThreshold: 0.5
  m_SpriteTileMode: 0
  m_WasSpriteAssigned: 1
  m_MaskInteraction: 0
